<?xml version="1.0" encoding="UTF-8"?><record xmlns="http://www.loc.gov/MARC21/slim" xmlns:cinclude="http://apache.org/cocoon/include/1.0" xmlns:zs="http://www.loc.gov/zing/srw/">
  <leader>00394nz  a2200133n  4500</leader>
  <controlfield tag="001">ns2012002153</controlfield>
  <controlfield tag="003">DLC</controlfield>
  <controlfield tag="005">20120526075330.0</controlfield>
  <controlfield tag="008">120524n| acannaabn          |n aaa     c</controlfield>
  <datafield tag="010" ind1=" " ind2=" ">
    <subfield code="a">ns2012002153</subfield>
  </datafield>
  <datafield tag="035" ind1=" " ind2=" ">
    <subfield code="a">(CaEvSKY)skya9925034</subfield>
  </datafield>
  <datafield tag="040" ind1=" " ind2=" ">
    <subfield code="a">MX-SlUA</subfield>
    <subfield code="b">eng</subfield>
    <subfield code="c">MX-SlUA</subfield>
  </datafield>
  <datafield tag="100" ind1="1" ind2=" ">
    <subfield code="a">Valladares, Ariel Alberto</subfield>
  </datafield>
  <datafield tag="670" ind1=" " ind2=" ">
    <subfield code="a">Materiales para ingenieriĚa, 1980:</subfield>
    <subfield code="b">verso t.p. (tr. Dr. Ariel Alberto Valladares)</subfield>
  </datafield>
</record>